@article{LPVS05,
   author    = "R. Lukac and K.N. Plataniotis and A.N. Venetsanopoulos and B. Smolka",
   title     = "A statistically-switched adaptive vector median filter.",
   journal="J. Intelligent and Robotic Systems",
   year      = "2005",
   volume    = "42",
   number    = "4",
   pages     = "361-391",
   note      = "\href{https://doi.org/10.1007/s10846-005-1730-2}{\texttt{doi:10.1007/s10846-005-1730-2}}",
   doi="10.1007/s10846-005-1730-2",
   url="https://doi.org/10.1007/s10846-005-1730-2",
}
@inproceedings{NEW87,
  author      = "Isaac Newton",
  title       = "Philosophiae Naturalis Principia Mathematica",
  year        = 1687,
   note      = "\href{http://doi.org/10.3931/e-rara-440}{\texttt{doi:10.3931/e-rara-440}}",
   doi="10.3931/e-rara-440",
   url="http://doi.org/10.3931/e-rara-440"
}
@book{KEP09,
  author      = "Johann Kepler",
  title       = "Astronomia nova ..., seu physica coelestis, tradita commentariis de motibus stellae martis",
  year        = 1609,
   note      = "\href{	http://doi.org/10.3931/e-rara-558}{\texttt{doi:10.3931/e-rara-558}}",
   doi="10.3931/e-rara-558",
   url="http://doi.org/10.3931/e-rara-558"
}